@phdthesis{pol:96,
  author      = {Pol, J.C. van de},
  title       = {Termination of Higher-order Rewrite Systems},
  school      = {University of Utrecht},
  year        = {1996},
}

@book{Girard1989,
Author = {J.-V. Girard and P. Taylor and Y. Lafont},
Publisher = {Cambridge University Press},
Title = {Proofs and Types},
Year = {1989}}

@book{SorensenUrzyczyn2006,
Author = {M. H. S{\o}rensen and P. Urzyczyn},
Publisher = {Elsevier},
Title = {Lectures on the Curry-Howard Isomorphism},
Year = {2006}}
